@MISC{sven,
    author = {{Wikipedia, the free encyclopedia}},
    title = {File:Ftp (terminalprogram).png},
    year = {2016},
    note = {[Online; accessed 2016]. \url{https://commons.wikimedia.org/wiki/File:Ftp_%28terminalprogram%29.png}}
}

@MISC{iterm,
    author = {{George Nacham}},
    title = {Images --- iTerm2.},
    year = {2016},
    note = {[Online; accessed 2016]. \url{https://iterm2.com/images.html}}
}

@MISC{fishshell,
    title = {Fish Shell},
    year = {2016},
    note = {[Online; accessed 2016], \url{https://fishshell.com/}}
}

@MISC{explainshell,
    title = {Explain Shell},
    year = {2016},
    note = {[Online; accessed 2016]. \url{https://explainshell.com}}
}

@MISC{jupyter,
    title = {Project Jypyter},
    year = {2016},
    note = {[Online; accessed 2016]. \url{http://jupyter.org/}}
}